<?xml version="1.0" encoding="UTF-8"?><collection xmlns="http://www.loc.gov/MARC21/slim"><record><leader>00437nam--2200169-i-4500</leader><controlfield tag="001">000045964</controlfield><controlfield tag="002">20161230</controlfield><controlfield tag="005">20170208153553</controlfield><controlfield tag="008">060222s1000------------r-----000-0-eng-d</controlfield><datafield ind1=" " ind2=" " tag="040"><subfield code="a">IFIN-HH</subfield></datafield><datafield ind1=" " ind2=" " tag="080"><subfield code="a">533.9</subfield></datafield><datafield ind1="1" ind2=" " tag="100"><subfield code="a">Uman, Martin A</subfield></datafield><datafield ind1="1" ind2="0" tag="245"><subfield code="a">Introduction to plasma physics</subfield><subfield code="c">Martin A. Uman</subfield></datafield><datafield ind1=" " ind2=" " tag="260"><subfield code="a">New York, McGraw-Hill Book Co., 1964,</subfield></datafield><datafield ind1=" " ind2=" " tag="300"><subfield code="a">XIV + 226P</subfield></datafield><datafield ind1=" " ind2=" " tag="852"><subfield code="a">21156</subfield><subfield code="c">533.9</subfield></datafield><datafield ind1=" " ind2=" " tag="CAT"><subfield code="a">SYS</subfield><subfield code="c">20170208</subfield><subfield code="h">153553</subfield></datafield></record></collection>